@article{astar,
    author  = "A* Pathfinding Algorithm",
    journal = "\\https://www.baeldung.com/cs/a-star-algorithm",
}

@article{python,
    author  = "What is Python? Executive Summary",
    journal = "\\https://www.python.org/doc/essays/blurb/",
}

@article{pygame,
    author  = "Pygame",
    journal = "\\https://www.pygame.org/docs/",
}

@article{pygame-menu,
    author  = "pygame-menu",
    journal = "\\https://pygame-menu.readthedocs.io/en/latest/index.html",
}

@article{randomizeddfs,
    author  = "Randomized Depth-First-Search Algorithm for Maze Generation",
    journal = "\\https://medium.com/@nacerkroudir/randomized-depth-first-search-algorithm-for-maze-generation-fb2d83702742",
}
